@misc{hansen2015hollow,
    title={Hollow Heaps},
    author={Thomas Dueholm Hansen and Haim Kaplan and Robert E. Tarjan and Uri Zwick},
    year={2015},
    eprint={1510.06535},
    archivePrefix={arXiv},
    primaryClass={cs.DS}
}
